@article{water,
	author = {Shauvik Roy Choudhary and Dan Zhao and Husayn Versee and Alessandro Orso},
	title = {Water: Web application test repair},
	journal = {Proceedings of the First International Workshop on End-to-End Test Script Engineering},
	year = {2011},
	pages = {24--29},
} 

@article{waterfall,
	author = {Mouna Hammoudi and Gregg Rothermel and Andrea Stocco},
	title = {WATERFALL: An Incremental Approach for Repairing Record-Replay Tests of Web Applications},
	journal = {Proceedings of the 2016 24th ACM SIGSOFT International Symposium on Foundations of Software Engineering},
	year = {2016},
	pages = {751--762},
	url = {https://doi.org/10.1145/2950290.2950294},
	address = {New York, NY, USA},
} 

@article{color,
	author = {Hiroyuki Kirinuki and Haruto Tanno and Katsuyuki Natsukawa},
	title = {COLOR: Correct Locator Recommender for Broken Test Scripts using Various Clues in Web Application},
	journal = {2019 IEEE 26th International Conference on Software Analysis, Evolution and Reengineering},
	year = {2019},
	pages = {310--320},
} 

@article{erratum,
	author = {Sacha Brisset and Romain Rouvoy and Lionel Seinturier and Renaud Pawlak},
	title = {Erratum: Leveraging Flexible Tree Matching to repair broken locators in web automation scripts},
	journal = {Information and Software Technology},
	year = {2022},
}

@article{montoto,
	author = {Paula Montoto and Alberto Pan and Juan Raposo and Fernando Bellas and Javier López},
	title = {Automated browsing in AJAX websites},
	journal = {Data \& Knowledge Engineering},
	year = {2011},
	pages = {269--283},
} 

@article{robula,
	author = {Maurizio Leotta and Andrea Stocco and Filippo Ricca and Paolo Tonella},
	title = {Reducing web test cases aging by means of robust XPath locators},
	journal = {2014 IEEE International Symposium on Software Reliability Engineering Workshops},
	publisher = {IEEE},
	year = {2014},
	pages = {449--454},
} 

@article{robula+,
	author = {Maurizio Leotta and Andrea Stocco and Filippo Ricca and Paolo Tonella},
	title = {ROBULA+: An algorithm for generating robust XPath locators for web testing},
	journal = {Journal of Software: Evolution and Process},
	year = {2016},
	pages = {177--204},
} 

@article{yandrapally,
	author = {Rahulkrishna Yandrapally and Suresh Thummalapenta and Saurabh Sinha and Satish Chandra},
	title = {Robust test automation using contextual clues},
	journal = {Proceedings of the 2014 International Symposium on Software Testing and Analysis},
	year = {2014},
	pages = {304--314},
} 

@article{ata,
	author = {Suresh Thummalapenta and Saurabh Sinha and Nimit Singhania and Satish Chandra},
	title = {Automating test automation},
	journal = {2012 34th International Conference on Software Engineering},
	publisher = {IEEE},
	year = {2012},
	pages = {881--891},
} 

@article{sidereal,
	author = {Maurizio Leotta and Filippo Ricca and Paolo Tonella},
	title = {Sidereal: Statistical adaptive generation of robust locators for web testing},
	journal = {Software Testing, Verification and Reliability},
    url = {https://doi.org/10.1002/stvr.1767},
	year = {2021},
} 

@article{nguyen,
	author = {Vu Nguyen and Thanh To and Gia-Han Diep},
	title = {Generating and selecting resilient and maintainable locators for Web automated testing},
	journal = {Software Testing, Verification and Reliability},
    url = {https://doi.org/10.1002/stvr.1760},
	year = {2021},
} 

@article{lml,
	author = {Maurizio Leotta and Andrea Stocco and Filippo Ricca and Paolo Tonella},
	title = {Using multi-locators to increase the robustness of web test cases},
	journal = {Software Testing, Verification and Validation, 2015 IEEE 8th International Conference on},
    publisher = {IEEE},
    pages = {1--10},
	year = {2015},
} 

@article{fuzzy_logic,
	author = {L.A. Zadeh},
	title = {Fuzzy logic},
	journal = {Computer},
    publisher = {IEEE},
    pages = {83--93},
	year = {1988},
    url = {https://ieeexplore.ieee.org/document/53/authors#authors}
} 

@article{test_oracle_ai,
	author = {Amin Karimi Monsefi and Behzad Zakeri and Sanaz Samsam and Morteza Khashehchi},
	title = {Performing software test oracle based on deep neural network with fuzzy inference system},
    booktitle = {High-Performance Computing and Big Data Analysis},
    year = {2019},
    publisher = {Springer International Publishing},
    address = {Cham},
    pages = {406--417},
    url = {https://doi.org/10.1007/978-3-030-33495-6_31}
} 

@article{ai_in_test_auto,
	author = {Anna Trudova and Michal Dolezel and Alena Buchalcevova},
	title = {Artificial Intelligence in Software Test Automation: A Systematic Literature Review},
    year = {2020},
    url = {https://pdfs.semanticscholar.org/9fca/3577e28c06ff27f16bfde7855f29b8d8236c.pdf}
} 

@article{ai_in_testing,
	author = {Tariq M. King and Jason Arbon and Dionny Santiago and David Adamo and Wendy Chin and Ram Shanmugam},
	title = {AI for Testing Today and Tomorrow: Industry Perspectives},
	journal = {2019 IEEE International Conference On Artificial Intelligence Testing (AITest)},
    publisher = {IEEE},
    url = {https://ieeexplore.ieee.org/document/8718229},
	year = {2019},
} 

@article{robust_locators,
	author = {Michel Nass and Emil Alégroth and Robert Feldt},
	title = {Why many challenges with GUI test automation (will) remain},
	journal = {Information and Software Technology},
	year = {2021},
} 

@article{gui_testing,
	author = {Mark Grechanik and Qing Xie and Chen Fu},
	title = {Creating GUI testing tools using accessibility technologies},
	journal = {Software Testing, Verification and Validation Workshops, 2009. ICSTW’09. International Conference on},
    publisher = {IEEE},
    pages = {243--250},
	year = {2009},
} 

@article{gui_test_costs,
	author = {Felix Dobslaw and Robert Feldt and David Michaëlsson and Patrik Haar and Francisco Gomes de Oliveira Neto and Richard Torkar},
	title = {Estimating return on investment for gui test automation frameworks},
	journal = {2019 IEEE 30th International Symposium on Software Reliability Engineering},
    publisher = {IEEE},
    pages = {271--282},
	year = {2019},
} 

@article{repairing_locators,
	author = {Hadeel Mohamed Eladawy and Amr E Mohamed and Sameh A Salem},
	title = {A New Algorithm for Repairing Web-Locators using Optimization Techniques},
	journal = {2018 13th International Conference on Computer Engineering and Systems},
    publisher = {IEEE},
    pages = {327--33},
	year = {2018},
} 

@article{state_of_art,
	author = {Di Lucca, G.A. and Fasolino, A.R.},
	title = {Testing web-based applications: the state of the art and future trends},
	year = {2006},
    url = {https://doi.org/10.1016/j.infsof.2006.06.006}
} 

@article{similo,
	author = {Michel Nass and Emil Alégroth and Robert Feldt and Maurizio Leotta and Filippo Ricca},
	title = {Similarity-based web element localization for robust test automation},
    publisher = {Association for Computing Machinery},
	year = {2022},
    month = {November},
    url = {https://doi.org/10.1145/3571855}
} 

@article{fuzzy_ai_in_web_testing,
	author = {Dalia Alamleh},
	title = {Utilizing AI in Test Automation to Perform Functional Testing on Web Application},
	journal = {Arai, K. (eds) Intelligent Computing},
    publisher = {Cham},
	year = {2022},
    url = {https://doi.org/10.1007/978-3-031-10464-0_24},
} 
